<?xml version="1.0" encoding="UTF-8" standalone="no" ?>
<Document xmlns="urn:iso:std:iso:20022:tech:xsd:pain.001.001.03">
  <CstmrCdtTrfInitn>
    <GrpHdr>
      <MsgId>qonto/20171024/3221</MsgId>
      <CreDtTm>2017-10-24T12:34:56</CreDtTm>
      <NbOfTxs>3</NbOfTxs>
      <CtrlSum>62251.50</CtrlSum>
      <InitgPty>
        <Nm>qonto</Nm>
      </InitgPty>
    </GrpHdr>
    <PmtInf>
      <PmtInfId>qonto/20171024/3221</PmtInfId>
      <PmtMtd>TRF</PmtMtd>
      <BtchBookg>true</BtchBookg>
      <NbOfTxs>3</NbOfTxs>
      <CtrlSum>62251.50</CtrlSum>
      <PmtTpInf>
        <SvcLvl>
          <Cd>SEPA</Cd>
        </SvcLvl>
      </PmtTpInf>
      <ReqdExctnDt>2017-10-24</ReqdExctnDt>
      <Dbtr>
        <Nm>QONTO</Nm>
      </Dbtr>
      <DbtrAcct>
        <Id>
          <IBAN>FR10474608000002006107XXXXX</IBAN>
        </Id>
      </DbtrAcct>
      <DbtrAgt>
        <FinInstnId>
          <BIC>OIVUSCLQXXX</BIC>
        </FinInstnId>
      </DbtrAgt>
      <ChrgBr>SLEV</ChrgBr>
      <CdtTrfTxInf>
        <PmtId>
          <InstrId>qonto/20171024/3221/1</InstrId>
          <EndToEndId>qonto/20171024/3221/1</EndToEndId>
        </PmtId>
        <Amt>
          <InstdAmt Ccy="EUR">14.5</InstdAmt>
        </Amt>
        <CdtrAgt>
          <FinInstnId>
            <BIC>CRLYFRPPTOU</BIC>
          </FinInstnId>
        </CdtrAgt>
        <Cdtr>
          <Nm>Bip Bip</Nm>
        </Cdtr>
        <CdtrAcct>
          <Id>
            <IBAN>EE383680981021245685</IBAN>
          </Id>
        </CdtrAcct>
        <RgltryRptg>
          <Dtls>
            <Cd>150</Cd>
          </Dtls>
        </RgltryRptg>
        <RmtInf>
          <Ustrd>Cigarland/6318</Ustrd>
        </RmtInf>
      </CdtTrfTxInf>
      <CdtTrfTxInf>
        <PmtId>
          <InstrId>qonto/20171024/3221/2</InstrId>
          <EndToEndId>qonto/20171024/3221/2</EndToEndId>
        </PmtId>
        <Amt>
          <InstdAmt Ccy="EUR">61238</InstdAmt>
        </Amt>
        <CdtrAgt>
          <FinInstnId>
            <BIC>ZDRPLBQI</BIC>
          </FinInstnId>
        </CdtrAgt>
        <Cdtr>
          <Nm>Wile E Coyote</Nm>
        </Cdtr>
        <CdtrAcct>
          <Id>
            <IBAN>DE9935420810036209081725212</IBAN>
          </Id>
        </CdtrAcct>
        <RgltryRptg>
          <Dtls>
            <Cd>150</Cd>
          </Dtls>
        </RgltryRptg>
        <RmtInf>
          <Ustrd>//TeslaMotors/AJGRBX/32</Ustrd>
        </RmtInf>
      </CdtTrfTxInf>
      <CdtTrfTxInf>
        <PmtId>
          <InstrId>qonto/20171024/3221/3</InstrId>
          <EndToEndId>qonto/20171024/3221/3</EndToEndId>
        </PmtId>
        <Amt>
          <InstdAmt Ccy="EUR">999</InstdAmt>
        </Amt>
        <CdtrAgt>
          <FinInstnId>
            <BIC>RNJZNTMC</BIC>
          </FinInstnId>
        </CdtrAgt>
        <Cdtr>
          <Nm>Bugs Bunny</Nm>
        </Cdtr>
        <CdtrAcct>
          <Id>
            <IBAN>FR0010009380540930414023042</IBAN>
          </Id>
        </CdtrAcct>
        <RgltryRptg>
          <Dtls>
            <Cd>150</Cd>
          </Dtls>
        </RgltryRptg>
        <RmtInf>
          <Ustrd>2017 10 22/2017 10 23/GoldenCarrot/</Ustrd>
        </RmtInf>
      </CdtTrfTxInf>
    </PmtInf>
  </CstmrCdtTrfInitn>
</Document>
